@misc{wiki:Histogram_equalization,
  author = "Wikipedia",
  title = "{Histogram equalization} --- {W}ikipedia{,} The Free Encyclopedia",
  year = "2021",
  howpublished = {\url{http://en.wikipedia.org/w/index.php?title=Histogram\%20equalization&oldid=993129511}}
}

@misc{wiki:HSL_and_HSV,
  author = "Wikipedia",
  title = "{HSL and HSV} --- {W}ikipedia{,} The Free Encyclopedia",
  year = "2021",
  howpublished = {\url{http://en.wikipedia.org/w/index.php?title=HSL\%20and\%20HSV&oldid=998445401}}
}

@misc{cuda-toolkit,
  title = {{CUDA} Toolkit documentation},
  howpublished = {\url{https://docs.nvidia.com/cuda/index.html}},
  note = {Accessed: 2020-01-12}
}

@misc{openmp-spec,
  title = {{OpenMP} specification},
  howpublished = {\url{https://www.openmp.org/spec-html/5.1/openmp.html}},
  note = {Accessed: 2020-01-12}
}